<record><leader>00000cas a22000007a 4500</leader><controlfield tag="001">1640214</controlfield><controlfield tag="008">750920d18981984mnuwr ne      0   a0eng d</controlfield><datafield ind1=" " ind2=" " tag="010"><subfield code="a">sn 83002601 </subfield></datafield><datafield ind1=" " ind2=" " tag="040"><subfield code="a">MUL</subfield><subfield code="b">eng</subfield><subfield code="c">MUL</subfield><subfield code="d">NSD</subfield><subfield code="d">DLC</subfield><subfield code="d">NSD</subfield><subfield code="d">MN#</subfield><subfield code="d">OCLCQ</subfield></datafield><datafield ind1=" " ind2=" " tag="012"><subfield code="j">1</subfield><subfield code="m">d</subfield></datafield><datafield ind1="1" ind2=" " tag="022"><subfield code="a">0746-3200</subfield><subfield code="l">0746-3200</subfield><subfield code="2">1</subfield></datafield><datafield ind1=" " ind2=" " tag="042"><subfield code="a">nsdp</subfield></datafield><datafield ind1=" " ind2=" " tag="043"><subfield code="a">n-us-mn</subfield></datafield><datafield ind1="0" ind2="0" tag="050"><subfield code="a">Newspaper 8513</subfield></datafield><datafield ind1=" " ind2=" " tag="052"><subfield code="a">4144</subfield><subfield code="b">S88</subfield></datafield><datafield ind1=" " ind2=" " tag="052"><subfield code="a">4143</subfield><subfield code="b">M2</subfield></datafield><datafield ind1=" " ind2="4" tag="222"><subfield code="a">The Stewart tribune</subfield></datafield><datafield ind1="0" ind2="0" tag="245"><subfield code="a">Stewart tribune.</subfield></datafield><datafield ind1=" " ind2=" " tag="260"><subfield code="a">Stewart, Minn. :</subfield><subfield code="b">E.H. McLeod,</subfield><subfield code="c">-1984.</subfield></datafield><datafield ind1=" " ind2=" " tag="300"><subfield code="a">v.</subfield></datafield><datafield ind1=" " ind2=" " tag="310"><subfield code="a">Weekly</subfield></datafield><datafield ind1="1" ind2=" " tag="362"><subfield code="a">Began in 1898.</subfield></datafield><datafield ind1="0" ind2=" " tag="362"><subfield code="a">-v. 88, no. 25 (June 28, 1984).</subfield></datafield><datafield ind1=" " ind2=" " tag="515"><subfield code="a">Suspended Mar. 1, 1945-Sept. 6, 1945.</subfield></datafield><datafield ind1=" " ind2=" " tag="530"><subfield code="a">Available on microfilm from the Minnesota Historical Society.</subfield></datafield><datafield ind1=" " ind2=" " tag="588"><subfield code="a">Description based on: Vol. 3, no. 50 (Sept. 15, 1899).</subfield></datafield><datafield ind1=" " ind2="0" tag="651"><subfield code="a">Stewart (Minn.)</subfield><subfield code="v">Newspapers.</subfield></datafield><datafield ind1=" " ind2=" " tag="752"><subfield code="a">United States</subfield><subfield code="b">Minnesota</subfield><subfield code="c">McLeod</subfield><subfield code="d">Stewart.</subfield></datafield><datafield ind1="0" ind2="0" tag="780"><subfield code="t">Stewart reveille</subfield></datafield><datafield ind1="0" ind2="7" tag="785"><subfield code="t">Gibbon gazette (Gibbon, Minn. : 1894)</subfield><subfield code="w">(DLC)sn 89064217</subfield><subfield code="w">(OCoLC)1751208</subfield></datafield><datafield ind1="0" ind2="7" tag="785"><subfield code="t">Gazette &amp; tribune</subfield><subfield code="x">8750-0949</subfield><subfield code="w">(DLC)sn 84007638</subfield><subfield code="w">(OCoLC)10969497</subfield></datafield><datafield ind1=" " ind2=" " tag="936"><subfield code="a">Unknown</subfield><subfield code="a">July 28, 1983 (surrogate)</subfield></datafield><datafield ind1="1" ind2=" " tag="029"><subfield code="a">AU@</subfield><subfield code="b">000041161249</subfield></datafield></record>